<?xml version="1.0" encoding="UTF-8"?><record xmlns="http://www.loc.gov/MARC21/slim" xmlns:cinclude="http://apache.org/cocoon/include/1.0" xmlns:zs="http://www.loc.gov/zing/srw/">
  <leader>00493cz  a2200145n  4500</leader>
  <controlfield tag="001">nr 96028404 </controlfield>
  <controlfield tag="003">DLC</controlfield>
  <controlfield tag="005">20100317075554.0</controlfield>
  <controlfield tag="008">960805n| acannaabn          |a ana     c</controlfield>
  <datafield tag="010" ind1=" " ind2=" ">
    <subfield code="a">nr 96028404 </subfield>
  </datafield>
  <datafield tag="035" ind1=" " ind2=" ">
    <subfield code="a">(OCoLC)oca04197237</subfield>
  </datafield>
  <datafield tag="040" ind1=" " ind2=" ">
    <subfield code="a">NN</subfield>
    <subfield code="b">eng</subfield>
    <subfield code="c">NN</subfield>
    <subfield code="d">HU</subfield>
  </datafield>
  <datafield tag="110" ind1="1" ind2=" ">
    <subfield code="a">Luckau (Germany : Landkreis).</subfield>
    <subfield code="b">Abt. Kultur beim Rat</subfield>
  </datafield>
  <datafield tag="410" ind1="1" ind2=" ">
    <subfield code="a">Luckau (Germany : Landkreis).</subfield>
    <subfield code="b">Abteilung Kultur beim Rat</subfield>
  </datafield>
  <datafield tag="670" ind1=" " ind2=" ">
    <subfield code="a">Luckauer Heimatkalender, 1972/73:</subfield>
    <subfield code="b">verso of t.p. (Abt. Kultur beim Rat des Kreises Luckau)</subfield>
  </datafield>
</record>